<record><leader>00000cas a22000007a 4500</leader><controlfield tag="001">10582130</controlfield><controlfield tag="008">840331d19141919ohuwr ne      0    0eng d</controlfield><datafield ind1=" " ind2=" " tag="010"><subfield code="a">sn 84028235 </subfield></datafield><datafield ind1=" " ind2=" " tag="040"><subfield code="a">NPY</subfield><subfield code="b">eng</subfield><subfield code="c">NPY</subfield><subfield code="d">OCLCQ</subfield></datafield><datafield ind1=" " ind2=" " tag="042"><subfield code="a">msc</subfield></datafield><datafield ind1="0" ind2=" " tag="130"><subfield code="a">Independent (Hudson, Ohio)</subfield></datafield><datafield ind1="1" ind2="4" tag="245"><subfield code="a">The Independent.</subfield></datafield><datafield ind1="1" ind2="3" tag="246"><subfield code="a">Hudson independent</subfield></datafield><datafield ind1=" " ind2=" " tag="260"><subfield code="a">Hudson, Ohio :</subfield><subfield code="b">R.E. Chapin,</subfield><subfield code="c">1914-1919.</subfield></datafield><datafield ind1=" " ind2=" " tag="300"><subfield code="a">5 v. :</subfield><subfield code="b">ill. ;</subfield><subfield code="c">54-60 cm.</subfield></datafield><datafield ind1=" " ind2=" " tag="310"><subfield code="a">Weekly</subfield></datafield><datafield ind1="0" ind2=" " tag="362"><subfield code="a">Vol. 19, no. 15 (Apr. 10, 1914)-v. 22, no. 25 (Jan. 9, 1919).</subfield></datafield><datafield ind1=" " ind2=" " tag="500"><subfield code="a">Published on Thursday.</subfield></datafield><datafield ind1=" " ind2=" " tag="500"><subfield code="a">Editors: R.E. Chapin, Apr. 10, 1914-May 13, 1915; A.W. Chamberlain, May 20, 1915-Jan. 9, 1919.</subfield></datafield><datafield ind1=" " ind2=" " tag="515"><subfield code="a">Numbering irregular.</subfield></datafield><datafield ind1=" " ind2=" " tag="521"><subfield code="a">"Summit County's leading weekly."</subfield></datafield><datafield ind1="1" ind2=" " tag="700"><subfield code="a">Chapin, R. E.</subfield></datafield><datafield ind1="1" ind2=" " tag="700"><subfield code="a">Chamberlain, A. W.</subfield></datafield><datafield ind1=" " ind2=" " tag="752"><subfield code="a">United States</subfield><subfield code="b">Ohio</subfield><subfield code="c">Summit</subfield><subfield code="d">Hudson.</subfield></datafield><datafield ind1="0" ind2="0" tag="780"><subfield code="t">Hudson independent</subfield><subfield code="w">(DLC)sn 84028234</subfield></datafield><datafield ind1="0" ind2="0" tag="785"><subfield code="t">Northern Summit independent</subfield><subfield code="w">(DLC)sn 84028236</subfield></datafield><datafield ind1="1" ind2=" " tag="029"><subfield code="a">AU@</subfield><subfield code="b">000025793320</subfield></datafield></record>